% This file was created with JabRef 2.10.
% Encoding: Cp1252


@Book{Templ09,
  Title                    = {Produktion und Logistik},
  Author                   = {G{\"u}nther, Hans-Otto and Tempelmeier, Horst},
  Publisher                = {Springer},
  Year                     = {2009},

  Address                  = {Berlin [u.a.]},

  Owner                    = {Christiane},
  Timestamp                = {2015.06.06}
}

